<record><leader>00000cas a2200000 a 4500</leader><controlfield tag="001">35099071</controlfield><controlfield tag="008">960717d1954199umiuwr ne      0    0eng c</controlfield><datafield ind1=" " ind2=" " tag="010"><subfield code="a">sn 96076854 </subfield></datafield><datafield ind1=" " ind2=" " tag="040"><subfield code="a">MHN</subfield><subfield code="b">eng</subfield><subfield code="c">MHN</subfield><subfield code="d">DLC</subfield><subfield code="d">MHN</subfield><subfield code="d">OCL</subfield><subfield code="d">MHN</subfield><subfield code="d">OCLCQ</subfield><subfield code="d">OCLCF</subfield><subfield code="d">OCLCO</subfield></datafield><datafield ind1="1" ind2=" " tag="029"><subfield code="a">AU@</subfield><subfield code="b">000012679637</subfield></datafield><datafield ind1=" " ind2=" " tag="042"><subfield code="a">pcc</subfield></datafield><datafield ind1=" " ind2=" " tag="043"><subfield code="a">n-us-mi</subfield></datafield><datafield ind1="0" ind2="4" tag="245"><subfield code="a">The Progress-advance.</subfield></datafield><datafield ind1="1" ind2="3" tag="246"><subfield code="a">New progress-advance</subfield><subfield code="f">Mar. 9, 1978-April 26, 1979</subfield></datafield><datafield ind1=" " ind2=" " tag="260"><subfield code="a">Pigeon, Mich. :</subfield><subfield code="b">[s.n.]</subfield></datafield><datafield ind1=" " ind2=" " tag="300"><subfield code="a">v.</subfield></datafield><datafield ind1=" " ind2=" " tag="310"><subfield code="a">Weekly</subfield></datafield><datafield ind1="0" ind2=" " tag="362"><subfield code="a">57th yr., no. 16 [i.e.,17] (Dec. 2, 1954)-</subfield></datafield><datafield ind1=" " ind2=" " tag="580"><subfield code="a">Formed by the union of: Elkton advance, and: Pigeon progress.</subfield></datafield><datafield ind1=" " ind2="0" tag="651"><subfield code="a">Pigeon (Mich.)</subfield><subfield code="v">Newspapers.</subfield></datafield><datafield ind1=" " ind2="0" tag="651"><subfield code="a">Huron County (Mich.)</subfield><subfield code="v">Newspapers.</subfield></datafield><datafield ind1=" " ind2="7" tag="655"><subfield code="a">Newspapers.</subfield><subfield code="2">fast</subfield><subfield code="0">(OCoLC)fst01423814</subfield></datafield><datafield ind1=" " ind2="7" tag="651"><subfield code="a">Michigan</subfield><subfield code="z">Huron County.</subfield><subfield code="2">fast</subfield><subfield code="0">(OCoLC)fst01209626</subfield></datafield><datafield ind1=" " ind2="7" tag="651"><subfield code="a">Michigan</subfield><subfield code="z">Pigeon.</subfield><subfield code="2">fast</subfield><subfield code="0">(OCoLC)fst01203277</subfield></datafield><datafield ind1=" " ind2=" " tag="752"><subfield code="a">United States</subfield><subfield code="b">Michigan</subfield><subfield code="c">Huron</subfield><subfield code="d">Pigeon.</subfield></datafield><datafield ind1="1" ind2="4" tag="780"><subfield code="t">Elkton advance</subfield><subfield code="w">(DLC)sn 96076855</subfield><subfield code="w">(OCoLC)35098465</subfield></datafield><datafield ind1="1" ind2="4" tag="780"><subfield code="t">Pigeon progress</subfield><subfield code="w">(DLC)sn 96067000</subfield><subfield code="w">(OCoLC)35101531</subfield></datafield><datafield ind1="1" ind2="7" tag="785"><subfield code="t">Sebewaing blade and Unionville crescent</subfield><subfield code="w">(DLC)sn2001061760</subfield><subfield code="w">(OCoLC)47848694</subfield></datafield><datafield ind1="1" ind2="7" tag="785"><subfield code="t">Newsweekly (Pigeon, Mich.)</subfield><subfield code="w">(DLC)sn 93003960</subfield><subfield code="w">(OCoLC)28575527</subfield></datafield></record>